<?xml version="1.0" encoding="UTF-8"?>
  <record xmlns="http://www.loc.gov/MARC21/slim" type="Authority">
    <leader>00000nz  a2200000nc 4500</leader>
    <controlfield tag="001">124650570</controlfield>
    <controlfield tag="003">DE-101</controlfield>
    <controlfield tag="005">20170210160706.0</controlfield>
    <controlfield tag="008">030509n||aznnnaabn           | aaa    |c</controlfield>
    <datafield tag="024" ind1="7" ind2=" ">
      <subfield code="a">124650570</subfield>
      <subfield code="0">http://d-nb.info/gnd/124650570</subfield>
      <subfield code="2">gnd</subfield>
    </datafield>
    <datafield tag="035" ind1=" " ind2=" ">
      <subfield code="a">(DE-101)124650570</subfield>
    </datafield>
    <datafield tag="035" ind1=" " ind2=" ">
      <subfield code="a">(DE-588)124650570</subfield>
    </datafield>
    <datafield tag="035" ind1=" " ind2=" ">
      <subfield code="z">(DE-588a)124650570</subfield>
      <subfield code="9">v:zg</subfield>
    </datafield>
    <datafield tag="040" ind1=" " ind2=" ">
      <subfield code="a">DE-19</subfield>
      <subfield code="c">DE-19</subfield>
      <subfield code="9">r:DE-19</subfield>
      <subfield code="b">ger</subfield>
      <subfield code="d">9999</subfield>
    </datafield>
    <datafield tag="042" ind1=" " ind2=" ">
      <subfield code="a">gnd1</subfield>
    </datafield>
    <datafield tag="043" ind1=" " ind2=" ">
      <subfield code="c">XA-DE</subfield>
    </datafield>
    <datafield tag="075" ind1=" " ind2=" ">
      <subfield code="b">p</subfield>
      <subfield code="2">gndgen</subfield>
    </datafield>
    <datafield tag="075" ind1=" " ind2=" ">
      <subfield code="b">piz</subfield>
      <subfield code="2">gndspec</subfield>
    </datafield>
    <datafield tag="079" ind1=" " ind2=" ">
      <subfield code="a">g</subfield>
      <subfield code="q">a</subfield>
      <subfield code="q">f</subfield>
    </datafield>
    <datafield tag="100" ind1="1" ind2=" ">
      <subfield code="a">Hertfelder, Bernhard</subfield>
      <subfield code="d">1587-1664</subfield>
    </datafield>
    <datafield tag="375" ind1=" " ind2=" ">
      <subfield code="a">1</subfield>
      <subfield code="2">iso5218</subfield>
    </datafield>
    <datafield tag="400" ind1="1" ind2=" ">
      <subfield code="a">Hertfelder von Hettingen, Bernhard</subfield>
      <subfield code="d">1587-1664</subfield>
      <subfield code="9">v:WBIS</subfield>
    </datafield>
    <datafield tag="400" ind1="0" ind2=" ">
      <subfield code="a">Bernardus</subfield>
      <subfield code="c">Augusta Vindelicorum</subfield>
      <subfield code="d">1587-1664</subfield>
    </datafield>
    <datafield tag="400" ind1="0" ind2=" ">
      <subfield code="a">Bernardus</subfield>
      <subfield code="d">1587-1664</subfield>
    </datafield>
    <datafield tag="400" ind1="0" ind2=" ">
      <subfield code="a">Bernhard</subfield>
      <subfield code="c">von Sankt Ulrich und Afra</subfield>
      <subfield code="d">1587-1664</subfield>
    </datafield>
    <datafield tag="400" ind1="0" ind2=" ">
      <subfield code="a">Bernardus</subfield>
      <subfield code="c">ad SS. Udalricum et Afram Augustae Abbas</subfield>
      <subfield code="d">1587-1664</subfield>
    </datafield>
    <datafield tag="400" ind1="1" ind2=" ">
      <subfield code="a">Hertfelder, Bernard</subfield>
      <subfield code="d">1587-1664</subfield>
    </datafield>
    <datafield tag="400" ind1="1" ind2=" ">
      <subfield code="a">Hertfelder, B.</subfield>
      <subfield code="d">1587-1664</subfield>
    </datafield>
    <datafield tag="400" ind1="1" ind2=" ">
      <subfield code="a">Hertfelder, Bernardo</subfield>
      <subfield code="d">1587-1664</subfield>
    </datafield>
    <datafield tag="400" ind1="0" ind2=" ">
      <subfield code="a">Bernardus</subfield>
      <subfield code="c">San-Ulricanus</subfield>
      <subfield code="d">1587-1664</subfield>
    </datafield>
    <datafield tag="400" ind1="1" ind2=" ">
      <subfield code="a">Härtfelder, Bernhard</subfield>
      <subfield code="d">1587-1664</subfield>
    </datafield>
    <datafield tag="400" ind1="1" ind2=" ">
      <subfield code="a">Hertfelder, Bernardus</subfield>
      <subfield code="d">1587-1664</subfield>
    </datafield>
    <datafield tag="400" ind1="1" ind2=" ">
      <subfield code="a">Hettingen, Bernhard Hertfelder &#152;von&#156;</subfield>
      <subfield code="d">1587-1664</subfield>
    </datafield>
    <datafield tag="400" ind1="0" ind2=" ">
      <subfield code="a">Bernhard</subfield>
      <subfield code="d">1587-1664</subfield>
    </datafield>
    <datafield tag="400" ind1="0" ind2=" ">
      <subfield code="a">Bernhard</subfield>
      <subfield code="c">Abt von Sankt Ulrich und Afra</subfield>
      <subfield code="d">1587-1664</subfield>
    </datafield>
    <datafield tag="400" ind1="0" ind2=" ">
      <subfield code="a">Bernardus</subfield>
      <subfield code="c">Abt von Sankt Ulrich und Afra</subfield>
      <subfield code="d">1587-1664</subfield>
    </datafield>
    <datafield tag="510" ind1="2" ind2=" ">
      <subfield code="0">(DE-101)000258806</subfield>
      <subfield code="0">(DE-588)25880-5</subfield>
      <subfield code="0">https://d-nb.info/gnd/25880-5</subfield>
      <subfield code="a">Benediktiner</subfield>
      <subfield code="4">affi</subfield>
      <subfield code="4">https://d-nb.info/standards/elementset/gnd#affiliation</subfield>
      <subfield code="w">r</subfield>
      <subfield code="i">Affiliation</subfield>
      <subfield code="e">Affiliation</subfield>
    </datafield>
    <datafield tag="548" ind1=" " ind2=" ">
      <subfield code="a">1587-1664</subfield>
      <subfield code="4">datl</subfield>
      <subfield code="4">https://d-nb.info/standards/elementset/gnd#dateOfBirthAndDeath</subfield>
      <subfield code="w">r</subfield>
      <subfield code="i">Lebensdaten</subfield>
    </datafield>
    <datafield tag="550" ind1=" " ind2=" ">
      <subfield code="0">(DE-101)04000273X</subfield>
      <subfield code="0">(DE-588)4000273-1</subfield>
      <subfield code="0">https://d-nb.info/gnd/4000273-1</subfield>
      <subfield code="a">Abt</subfield>
      <subfield code="4">berc</subfield>
      <subfield code="4">https://d-nb.info/standards/elementset/gnd#professionOrOccupation</subfield>
      <subfield code="w">r</subfield>
      <subfield code="i">Charakteristischer Beruf</subfield>
    </datafield>
    <datafield tag="550" ind1=" " ind2=" ">
      <subfield code="a">Benediktiner</subfield>
      <subfield code="4">beru</subfield>
      <subfield code="4">https://d-nb.info/standards/elementset/gnd#professionOrOccupation</subfield>
      <subfield code="w">r</subfield>
      <subfield code="i">Beruf</subfield>
    </datafield>
    <datafield tag="551" ind1=" " ind2=" ">
      <subfield code="0">(DE-101)040892204</subfield>
      <subfield code="0">(DE-588)4089220-7</subfield>
      <subfield code="0">https://d-nb.info/gnd/4089220-7</subfield>
      <subfield code="a">Hettingen</subfield>
      <subfield code="g">Landkreis Sigmaringen</subfield>
      <subfield code="4">ortg</subfield>
      <subfield code="4">https://d-nb.info/standards/elementset/gnd#placeOfBirth</subfield>
      <subfield code="w">r</subfield>
      <subfield code="i">Geburtsort</subfield>
    </datafield>
    <datafield tag="551" ind1=" " ind2=" ">
      <subfield code="0">(DE-101)040036146</subfield>
      <subfield code="0">(DE-588)4003614-5</subfield>
      <subfield code="0">https://d-nb.info/gnd/4003614-5</subfield>
      <subfield code="a">Augsburg</subfield>
      <subfield code="4">orts</subfield>
      <subfield code="4">https://d-nb.info/standards/elementset/gnd#placeOfDeath</subfield>
      <subfield code="w">r</subfield>
      <subfield code="i">Sterbeort</subfield>
    </datafield>
    <datafield tag="667" ind1=" " ind2=" ">
      <subfield code="a">7</subfield>
    </datafield>
    <datafield tag="667" ind1=" " ind2=" ">
      <subfield code="a">12</subfield>
    </datafield>
    <datafield tag="667" ind1=" " ind2=" ">
      <subfield code="a">384</subfield>
    </datafield>
    <datafield tag="667" ind1=" " ind2=" ">
      <subfield code="a">VD-17</subfield>
    </datafield>
    <datafield tag="667" ind1=" " ind2=" ">
      <subfield code="a">Abt des Klosters St. Ulrich und Afra in Augsburg</subfield>
      <subfield code="5">CH-ZuETHN</subfield>
    </datafield>
    <datafield tag="670" ind1=" " ind2=" ">
      <subfield code="a">Internet</subfield>
      <subfield code="u">http://www.stadtlexikon-augsburg.de/index.php?id=114&amp;tx_ttnews%5Btt_news%5D=4116&amp;tx_ttnews%5BbackPid%5D=113&amp;cHash=d188857a43</subfield>
    </datafield>
    <datafield tag="672" ind1=" " ind2="0">
      <subfield code="a">Basilica SS. Udalrici et Afrae Augustae Vindelicorum. - 1627</subfield>
    </datafield>
    <datafield tag="672" ind1=" " ind2="0">
      <subfield code="a">Basilica S. Udalrici et Afrae. - 1653</subfield>
    </datafield>
    <datafield tag="672" ind1=" " ind2="0">
      <subfield code="a">Exegesis rerum Sueco-augustanarum. - 1653</subfield>
    </datafield>
    <datafield tag="672" ind1=" " ind2="0">
      <subfield code="a">Basilica, daß ist herrliche Kirchen des Frey-Reichs Klosters ... - 1712</subfield>
    </datafield>
    <datafield tag="678" ind1=" " ind2=" ">
      <subfield code="b">1635-1664 Abt des Klosters St. Ulrich und Afra in Augsburg</subfield>
    </datafield>
    <datafield tag="678" ind1=" " ind2=" ">
      <subfield code="b">Benediktiner, Abt</subfield>
    </datafield>
    <datafield tag="678" ind1=" " ind2=" ">
      <subfield code="b">1632–1664 Abt des Klosters St. Ulrich und Afra in Augsburg</subfield>
    </datafield>
    <datafield tag="913" ind1=" " ind2=" ">
      <subfield code="S">pnd</subfield>
      <subfield code="i">a</subfield>
      <subfield code="a">Hertfelder, Bernhard</subfield>
      <subfield code="0">(DE-588a)124650570</subfield>
    </datafield>
  </record>
